
@book{koza,
    author = "John R. Koza",
    title = "Genetic Programming: On the Programming of Computers by Means of Natural Selection",
    year = 1992,
    publisher = "MIT Press",
    address = "Cambridge, MA, USA",
    ISBN = 9780262111706,
    URL = "http://mitpress.mit.edu/books/genetic-programming"
}
@manual{ccwiki,
    author    = "ComputerCraft community",
    title     = "ComputerCraft Wiki",
    url       = "http://www.computercraft.info/wiki",
    year      = 2012,
    month     = sep,
    publisher = "MediaWiki",
    note      = "Accessed: 14 jun 2021"
}